<record><leader>00000cas a22000007a 4500</leader><controlfield tag="001">12396388</controlfield><controlfield tag="008">850817d186u18uupauwr ne      0   a0eng d</controlfield><datafield ind1=" " ind2=" " tag="010"><subfield code="a">sn 85038412 </subfield></datafield><datafield ind1=" " ind2=" " tag="040"><subfield code="a">NPY</subfield><subfield code="b">eng</subfield><subfield code="c">NPY</subfield><subfield code="d">NPX</subfield><subfield code="d">NJW</subfield><subfield code="d">DLC</subfield><subfield code="d">NPV</subfield><subfield code="d">NPH</subfield><subfield code="d">OCLCQ</subfield><subfield code="d">DLC</subfield></datafield><datafield ind1="0" ind2=" " tag="022"><subfield code="a">2473-1714</subfield><subfield code="2">1</subfield></datafield><datafield ind1=" " ind2=" " tag="042"><subfield code="a">msc</subfield><subfield code="a">nsdp</subfield></datafield><datafield ind1="1" ind2="0" tag="050"><subfield code="a">ISSN RECORD</subfield></datafield><datafield ind1="1" ind2="0" tag="082"><subfield code="a">071</subfield><subfield code="2">23</subfield></datafield><datafield ind1="0" ind2=" " tag="130"><subfield code="a">Harrisburg weekly telegraph (Harrisburg, Pa. : 1864)</subfield></datafield><datafield ind1=" " ind2="0" tag="222"><subfield code="a">Harrisburg weekly telegraph</subfield><subfield code="b">(Harrisburg, Pa. 1864)</subfield></datafield><datafield ind1="1" ind2="0" tag="245"><subfield code="a">Harrisburg weekly telegraph.</subfield></datafield><datafield ind1="1" ind2="7" tag="246"><subfield code="a">Telegraph</subfield></datafield><datafield ind1="3" ind2="0" tag="246"><subfield code="a">Harrisburg telegraph</subfield></datafield><datafield ind1=" " ind2=" " tag="260"><subfield code="a">Harrisburg, Pa. :</subfield><subfield code="b">George Bergner</subfield></datafield><datafield ind1=" " ind2=" " tag="300"><subfield code="a">v. ;</subfield><subfield code="c">49 cm.</subfield></datafield><datafield ind1=" " ind2=" " tag="310"><subfield code="a">Weekly,</subfield><subfield code="b">&lt;1864&gt;</subfield></datafield><datafield ind1=" " ind2=" " tag="321"><subfield code="a">Weekly (Semiweekly during sessions of the Legislature),</subfield><subfield code="b">&lt;1863&gt;</subfield></datafield><datafield ind1=" " ind2=" " tag="500"><subfield code="a">"Weekly" appears above title ornament, &lt;1864&gt;.</subfield></datafield><datafield ind1=" " ind2=" " tag="580"><subfield code="a">Daily ed.: Pennsylvania telegraph (Harrisburg, Pa. : 1864).</subfield></datafield><datafield ind1=" " ind2=" " tag="588"><subfield code="a">Description based on: Vol. 36, no. 28 (Aug. 26, 1863); title from caption.</subfield></datafield><datafield ind1=" " ind2=" " tag="752"><subfield code="a">United States</subfield><subfield code="b">Pennsylvania</subfield><subfield code="c">Dauphin</subfield><subfield code="d">Harrisburg.</subfield></datafield><datafield ind1="1" ind2=" " tag="775"><subfield code="t">Pennsylvania telegraph (Harrisburg, Pa. : 1864)</subfield><subfield code="x">2473-0939</subfield><subfield code="w">(DLC)sn 84035969</subfield><subfield code="w">(OCoLC)11431214</subfield></datafield><datafield ind1="0" ind2="0" tag="785"><subfield code="t">Weekly telegraph (Harrisburg, Pa.)</subfield><subfield code="x">2473-1722</subfield><subfield code="w">(DLC)sn 83032144</subfield><subfield code="w">(OCoLC)10221941</subfield></datafield></record>